<?xml version="1.0" encoding="UTF-8"?><collection><record><leader>03159ctm a2200385 a 4500</leader><controlfield tag="001">005236806</controlfield><controlfield tag="003">MiAaHDL</controlfield><controlfield tag="005">20190719000000.0</controlfield><controlfield tag="006">m        d        </controlfield><controlfield tag="007">cr bn ---auaua</controlfield><controlfield tag="008">060623s1616    |||           000 0 per  </controlfield><datafield tag="035" ind1=" " ind2=" "><subfield code="a">(MiU)005236806</subfield></datafield><datafield tag="035" ind1=" " ind2=" "><subfield code="a">sdr-miu005236806</subfield></datafield><datafield tag="035" ind1=" " ind2=" "><subfield code="a">(OCoLC)81282217</subfield></datafield><datafield tag="035" ind1=" " ind2=" "><subfield code="a">(RLIN)MIUG06-B2725</subfield></datafield><datafield tag="040" ind1=" " ind2=" "><subfield code="a">miU</subfield><subfield code="c">miU</subfield></datafield><datafield tag="100" ind1="1" ind2=" "><subfield code="6">880-01</subfield><subfield code="a">Khvānd Mīr, Ghiyās̲ al-Dīn ibn Humām al-Dīn,</subfield><subfield code="d">approximately 1475-1535?</subfield></datafield><datafield tag="240" ind1="1" ind2="0"><subfield code="6">880-02</subfield><subfield code="a">Tārīkh-i ḥabīb al-siyar</subfield></datafield><datafield tag="245" ind1="1" ind2="0"><subfield code="6">880-03</subfield><subfield code="a">Ḥabīb-i siyar jild al-awwal,</subfield><subfield code="f">[1025, i.e. 1616].</subfield></datafield><datafield tag="260" ind1=" " ind2=" "><subfield code="c">[1616]</subfield></datafield><datafield tag="300" ind1=" " ind2=" "><subfield code="a">1 v. ([498] p.) ;</subfield><subfield code="c">31cm</subfield></datafield><datafield tag="500" ind1=" " ind2=" "><subfield code="a">Copy dated 26, Shaʻbān, 1025 / September 8, 1616. Scribe's name is not mentioned, but hand is identical to the second volume of this work, also in this collection, (Isl. Ms. 668) in which the scribe's name is mentioned in the colophon: Yūsuf [ibn] Yaʻqūb.</subfield></datafield><datafield tag="500" ind1=" " ind2=" "><subfield code="a">ʻUnwān in gold, blue, and red; black-ruled gold margins. Text written in nastaʻlīq shekasteh script in black with rubrications. Hand is identical ato that in Vol. 2.</subfield></datafield><datafield tag="500" ind1=" " ind2=" "><subfield code="a">Simple leather bound codex; decaying rapidly. Leather is disintegrating and folios are crumbling and falling away from the binding.</subfield></datafield><datafield tag="500" ind1=" " ind2=" "><subfield code="a">Ḥabīb-i siyar was usually copied in three volumes. This collection contains only Volumes 1 and 2, (Isl. Ms. 667 and Isl Ms. 668, respectively.) Contents of these two volumes correspond to those of British Museum Cat. Per Mss. for Volumes 1 and 2 of this work. This is manuscript is Volume 1. (For Volume 2, see Ḥabīb-i siyar, jild al-thānī: Isl. Ms. 668).</subfield></datafield><datafield tag="510" ind1="4" ind2=" "><subfield code="a">Browne,</subfield><subfield code="c">v. iii, p. 434; Rypka, p.441.</subfield></datafield><datafield tag="520" ind1=" " ind2=" "><subfield code="a">This is the first of three volumes which comprise Khvandemīr's well known and important general history, completed in 929/1523, which spans the creation of the world up to the death of Shah Ismāʻīl Safavī I. The work includes particularly detailed information about Herat under Sultan Husayn Bayqara, the last Timurid ruler in Herat, as well as Shah Ismāʻīl and Bābur's life. This work has been published in both Persian and English editions.</subfield></datafield><datafield tag="538" ind1=" " ind2=" "><subfield code="a">Mode of access: Internet.</subfield></datafield><datafield tag="545" ind1="0" ind2=" "><subfield code="a">Khvandemīr was an important historian of the 16th century; grandson and pupil of the great historian, Mīrkhvānd; He was born most likely in 1475, in Timurid Herat, where he lived and worked under the patronage of Mīr ʻAlī Shīr Navā'ī. After the death of Sultan Husayn Bayqara, he moved about Khorasan until he eventually migrated to India in 1528, where he served both Bābur and then Humāyūn, the first two Mughal emperors. He died in India in 941/1534-5; or some suggest that he may have lived for two more years.</subfield></datafield><datafield tag="650" ind1=" " ind2="0"><subfield code="a">Manuscripts, Persian</subfield><subfield code="z">Michigan</subfield><subfield code="z">Ann Arbor.</subfield></datafield><datafield tag="651" ind1=" " ind2="0"><subfield code="a">Islamic Empire</subfield><subfield code="x">History</subfield><subfield code="v">Early works to 1800.</subfield></datafield><datafield tag="773" ind1="0" ind2=" "><subfield code="a">Yahuda Collection.</subfield></datafield><datafield tag="880" ind1="1" ind2="0"><subfield code="6">245-03/</subfield><subfield code="a">حبيب السيّر جلد الاول,</subfield><subfield code="f">[1025ه, 1616م]</subfield></datafield><datafield tag="880" ind1="1" ind2="0"><subfield code="6">240-02/</subfield><subfield code="a">تاريخ حبيب السيّر.</subfield></datafield><datafield tag="880" ind1="1" ind2=" "><subfield code="6">100-01/</subfield><subfield code="a">خواند مير، غياص الدين ابن همام الدين.</subfield></datafield><datafield tag="CID" ind1=" " ind2=" "><subfield code="a">005236806</subfield></datafield><datafield tag="DAT" ind1="0" ind2=" "><subfield code="a">20190719102633.0</subfield><subfield code="b">20190719000000.0</subfield></datafield><datafield tag="DAT" ind1="1" ind2=" "><subfield code="a">20190719090653.0</subfield><subfield code="b">2019-07-19T16:11:03Z</subfield></datafield><datafield tag="DAT" ind1="2" ind2=" "><subfield code="a">2015-10-02T18:00:03Z</subfield></datafield><datafield tag="CAT" ind1=" " ind2=" "><subfield code="a">SDR-MIU</subfield><subfield code="d">EX LIBRIS - ALEPH</subfield><subfield code="l">prepare.pl-004-008</subfield></datafield><datafield tag="FMT" ind1=" " ind2=" "><subfield code="a">BK</subfield></datafield><datafield tag="HOL" ind1=" " ind2=" "><subfield code="0">sdr-miu005236806</subfield><subfield code="a">MiU</subfield><subfield code="b">SDR</subfield><subfield code="c">MIU</subfield><subfield code="p">mdp.39015081446547</subfield><subfield code="s">MIU</subfield><subfield code="1">005236806</subfield></datafield><datafield tag="974" ind1=" " ind2=" "><subfield code="b">MIU</subfield><subfield code="c">MIU</subfield><subfield code="d">20190719</subfield><subfield code="s">lit-dlps-dc</subfield><subfield code="u">mdp.39015081446547</subfield><subfield code="y">1616</subfield><subfield code="r">pd</subfield><subfield code="q">bib</subfield><subfield code="t">non-US bib date1 &lt; 1879</subfield></datafield></record></collection>